

@inproceedings{Palsberg_Ma_2002,
 author = {Palsberg, Jens and Ma, Di},
 title = {A Typed Interrupt Calculus},
 booktitle = {FTRTFT '02: Proceedings of the 7th International Symposium on Formal Techniques in Real-Time and Fault-Tolerant Systems},
 year = {2002},
 isbn = {3-540-44165-4},
 pages = {291--310},
 publisher = {Springer-Verlag},
 address = {London, UK},
 }