

@article{ADM_2005,
 author = {Ager, Mads Sig and Danvy, Olivier and Midtgaard, Jan},
 title = {A functional correspondence between monadic evaluators and abstract machines for languages with computational effects},
 journal = {Theor. Comput. Sci.},
 volume = {342},
 number = {1},
 year = {2005},
 issn = {0304-3975},
 pages = {149--172},
 doi = {http://dx.doi.org/10.1016/j.tcs.2005.06.008},
 publisher = {Elsevier Science Publishers Ltd.},
 address = {Essex, UK},
 }

@inproceedings{Palsberg_Ma_2002,
 author = {Palsberg, Jens and Ma, Di},
 title = {A Typed Interrupt Calculus},
 booktitle = {FTRTFT '02: Proceedings of the 7th International Symposium on Formal Techniques in Real-Time and Fault-Tolerant Systems},
 year = {2002},
 isbn = {3-540-44165-4},
 pages = {291--310},
 publisher = {Springer-Verlag},
 address = {London, UK},
 }
 
 @article{Zdancewic_Meyers_2002,
 author = {Zdancewic, Steve and Myers, Andrew C.},
 title = {Secure Information Flow via Linear Continuations},
 journal = {Higher Order Symbol. Comput.},
 volume = {15},
 number = {2-3},
 year = {2002},
 issn = {1388-3690},
 pages = {209--234},
 doi = {http://dx.doi.org/10.1023/A:1020843229247},
 publisher = {Kluwer Academic Publishers},
 address = {Hingham, MA, USA},
 }
