
% bibliography for the RPS paper
%
% put here 2010.11.30
%
% Schulz
%

@article{Appel_1998,
 author = {Appel, Andrew W.},
 title = {SSA is functional programming},
 journal = {SIGPLAN Not.},
 volume = {33},
 issue = {4},
 month = {April},
 year = {1998},
 issn = {0362-1340},
 pages = {17--20},
 numpages = {4},
 url = {http://doi.acm.org/10.1145/278283.278285},
 doi = {http://doi.acm.org/10.1145/278283.278285},
 acmid = {278285},
 publisher = {ACM},
 address = {New York, NY, USA},
}


@techreport{Riecke_1989,
 author = {Riecke, J. G.},
 title = {SHOULD A FUNCTION CONTINUE?},
 year = {1989},
 source = {http://www.ncstrl.org:8900/ncstrl/servlet/search?formname=detail\&id=oai%3Ancstrlh%3Amitai%3AMIT-LCS%2F%2FMIT%2FLCS%2FTR-459},
 publisher = {Massachusetts Institute of Technology},
 address = {Cambridge, MA, USA},
}


@inproceedings{Kelsey_1995,
 author = {Kelsey, Richard A.},
 title = {A correspondence between continuation passing style and static single assignment form},
 booktitle = {Papers from the 1995 ACM SIGPLAN workshop on Intermediate representations},
 series = {IR '95},
 year = {1995},
 isbn = {0-89791-754-5},
 location = {San Francisco, California, United States},
 pages = {13--22},
 numpages = {10},
 url = {http://doi.acm.org/10.1145/202529.202532},
 doi = {http://doi.acm.org/10.1145/202529.202532},
 acmid = {202532},
 publisher = {ACM},
 address = {New York, NY, USA},
}

@article{Thielecke_1999,
 author = {Thielecke, Hayo},
 title = {Using a Continuation Twice and Its Implications for the Expressive Power of call/cc},
 journal = {Higher Order Symbol. Comput.},
 volume = {12},
 issue = {1},
 month = {April},
 year = {1999},
 issn = {1388-3690},
 pages = {47--73},
 numpages = {27},
 url = {http://portal.acm.org/citation.cfm?id=609146.609189},
 doi = {10.1023/A:1010068800499},
 acmid = {609189},
 publisher = {Kluwer Academic Publishers},
 address = {Hingham, MA, USA},
 keywords = {call/cc, continuations, expressiveness, program equivalence, upward continuations},
}

@TECHREPORT{Berdine_etal_2001,
    author = {Josh Berdine and Peter W. O'Hearn and Uday S. Reddy and Hayo Thielecke and Peter W. OÕhearn},
    title = {Linearly Used Continuations},
    institution = {Computer Science Department, Indiana University},
    year = {2001}
}

@article{Berdine_etal_2002,
 author = {Berdine, Josh and O'hearn, Peter and Reddy, Uday and Thielecke, Hayo},
 title = {Linear Continuation-Passing},
 journal = {Higher Order Symbol. Comput.},
 volume = {15},
 issue = {2-3},
 month = {September},
 year = {2002},
 issn = {1388-3690},
 pages = {181--208},
 numpages = {28},
 url = {http://portal.acm.org/citation.cfm?id=609153.609236},
 doi = {10.1023/A:1020891112409},
 acmid = {609236},
 publisher = {Kluwer Academic Publishers},
 address = {Hingham, MA, USA},
 keywords = {\tt call/cc, \tt goto, continuation-passing style, continuations, coroutines, exceptions, linear typing},
}


@INPROCEEDINGS{Liang_Hudak_Jones_1995,
    author = {Sheng Liang and Paul Hudak and Mark Jones},
    title = {Monad Transformers and Modular Interpreters},
    booktitle = {In Proceedings of the 22nd ACM Symposium on Principles of Programming Languages. ACMPress},
    year = {1995}
}


@INPROCEEDINGS{Liang_Hudak_1996,
    author = {Sheng Liang and Paul Hudak},
    title = {Modular Denotational Semantics for Compiler Construction},
    booktitle = {In European Symposium on Programming},
    year = {1996},
    pages = {219--234},
    publisher = {Springer-Verlag}
}

@inproceedings{Wadler_1992,
 author = {Wadler, Philip},
 title = {The essence of functional programming},
 booktitle = {Proceedings of the 19th ACM SIGPLAN-SIGACT symposium on Principles of programming languages},
 series = {POPL '92},
 year = {1992},
 isbn = {0-89791-453-8},
 location = {Albuquerque, New Mexico, United States},
 pages = {1--14},
 numpages = {14},
 url = {http://doi.acm.org/10.1145/143165.143169},
 doi = {http://doi.acm.org/10.1145/143165.143169},
 acmid = {143169},
 publisher = {ACM},
 address = {New York, NY, USA},
}

@article{Kennedy_2007,
 author = {Kennedy, Andrew},
 title = {Compiling with continuations, continued},
 journal = {SIGPLAN Not.},
 volume = {42},
 issue = {9},
 month = {October},
 year = {2007},
 issn = {0362-1340},
 pages = {177--190},
 numpages = {14},
 url = {http://doi.acm.org/10.1145/1291220.1291179},
 doi = {http://doi.acm.org/10.1145/1291220.1291179},
 acmid = {1291179},
 publisher = {ACM},
 address = {New York, NY, USA},
 keywords = {continuation passing style, continuations, functional programming languages, monads, optimizing compilation},
} 

@article{Fischer_1972,
 author = {Fischer, Michael J.},
 title = {Lambda calculus schemata},
 journal = {SIGPLAN Not.},
 volume = {7},
 issue = {1},
 month = {January},
 year = {1972},
 issn = {0362-1340},
 pages = {104--109},
 numpages = {6},
 url = {http://doi.acm.org/10.1145/942578.807077},
 doi = {http://doi.acm.org/10.1145/942578.807077},
 acmid = {807077},
 publisher = {ACM},
 address = {New York, NY, USA},
}

@inproceedings{Sitaram_Felleisen_1990,
 author = {Sitaram, Dorai and Felleisen, Matthias},
 title = {Reasoning with continuations II: full abstraction for models of control},
 booktitle = {Proceedings of the 1990 ACM conference on LISP and functional programming},
 series = {LFP '90},
 year = {1990},
 isbn = {0-89791-368-X},
 location = {Nice, France},
 pages = {161--175},
 numpages = {15},
 url = {http://doi.acm.org/10.1145/91556.91626},
 doi = {http://doi.acm.org/10.1145/91556.91626},
 acmid = {91626},
 publisher = {ACM},
 address = {New York, NY, USA},
}

@article{Flanagan_Sabry_Duban_Felleisen_1993,
 author = {Flanagan, Cormac and Sabry, Amr and Duba, Bruce F. and Felleisen, Matthias},
 title = {The essence of compiling with continuations},
 journal = {SIGPLAN Not.},
 volume = {28},
 issue = {6},
 month = {June},
 year = {1993},
 issn = {0362-1340},
 pages = {237--247},
 numpages = {11},
 url = {http://doi.acm.org/10.1145/173262.155113},
 doi = {http://doi.acm.org/10.1145/173262.155113},
 acmid = {155113},
 publisher = {ACM},
 address = {New York, NY, USA},
}

@article{Zdancewic_Meyers_2002,
 author = {Zdancewic, Steve and Myers, Andrew C.},
 title = {Secure Information Flow via Linear Continuations},
 journal = {Higher Order Symbol. Comput.},
 volume = {15},
 issue = {2-3},
 month = {September},
 year = {2002},
 issn = {1388-3690},
 pages = {209--234},
 numpages = {26},
 url = {http://portal.acm.org/citation.cfm?id=609153.609237},
 doi = {10.1023/A:1020843229247},
 acmid = {609237},
 publisher = {Kluwer Academic Publishers},
 address = {Hingham, MA, USA},
 keywords = {CPS, continuation passing style, information-flow security, linear continuations, security-typed languages},
}

@inproceedings{Filinski_1992,
 author = {Filinski, Andrzej},
 title = {Linear continuations},
 booktitle = {Proceedings of the 19th ACM SIGPLAN-SIGACT symposium on Principles of programming languages},
 series = {POPL '92},
 year = {1992},
 isbn = {0-89791-453-8},
 location = {Albuquerque, New Mexico, United States},
 pages = {27--38},
 numpages = {12},
 url = {http://doi.acm.org/10.1145/143165.143174},
 doi = {http://doi.acm.org/10.1145/143165.143174},
 acmid = {143174},
 publisher = {ACM},
 address = {New York, NY, USA},
}